<?xml version="1.0" encoding="UTF-8"?>
<record xmlns="http://www.loc.gov/MARC21/slim" xmlns:xsi="http://www.w3.org/2001/XMLSchema-instance" xsi:schemaLocation="http://www.loc.gov/MARC21/slim http://www.loc.gov/standards/marcxml/schema/MARC21slim.xsd">
<leader>00000cam a22      a 4500</leader>
<controlfield tag="001">001677003</controlfield>
<controlfield tag="003">NNU</controlfield>
<controlfield tag="005">20151012162054.0</controlfield>
<controlfield tag="008">960914s1954    le            000 0 ara d</controlfield>
<datafield tag="035" ind1=" " ind2=" ">
<subfield code="a">(OCoLC)79750770</subfield>
</datafield>
<datafield tag="040" ind1=" " ind2=" ">
<subfield code="a">MH</subfield>
<subfield code="b">eng</subfield>
<subfield code="c">HLS</subfield>
<subfield code="d">OCLCG</subfield>
<subfield code="d">OCLCQ</subfield>
<subfield code="d">NNU</subfield>
</datafield>
<datafield tag="050" ind1=" " ind2="4">
<subfield code="a">AC106</subfield>
<subfield code="b">.S27 1954</subfield>
</datafield>
<datafield tag="100" ind1="1" ind2=" ">
<subfield code="6">880-01</subfield>
<subfield code="a">Ṣarrūf, Fuʼād,</subfield>
<subfield code="d">1900-1985.</subfield>
</datafield>
<datafield tag="245" ind1="1" ind2="0">
<subfield code="6">880-02</subfield>
<subfield code="a">ʻAlá al-ṭarīq :</subfield>
<subfield code="b">ārāʼ wa-maʻānin lamamtuhā ʻan ṭarīq al-ḥayāh /</subfield>
<subfield code="c">Fuʼād Ṣarrūf.</subfield>
</datafield>
<datafield tag="260" ind1=" " ind2=" ">
<subfield code="6">880-03</subfield>
<subfield code="a">[Beirut] :</subfield>
<subfield code="b">[Maṭbaʻat Qulfāṭ],</subfield>
<subfield code="c">1954.</subfield>
</datafield>
<datafield tag="300" ind1=" " ind2=" ">
<subfield code="a">244 pages</subfield>
<subfield code="c">21 cm</subfield>
</datafield>
<datafield tag="336" ind1=" " ind2=" ">
<subfield code="a">text</subfield>
<subfield code="b">txt</subfield>
<subfield code="2">rdacontent</subfield>
</datafield>
<datafield tag="337" ind1=" " ind2=" ">
<subfield code="a">unmediated</subfield>
<subfield code="b">n</subfield>
<subfield code="2">rdamedia</subfield>
</datafield>
<datafield tag="338" ind1=" " ind2=" ">
<subfield code="a">volume</subfield>
<subfield code="b">nc</subfield>
<subfield code="2">rdacarrier</subfield>
</datafield>
<datafield tag="650" ind1=" " ind2="0">
<subfield code="a">Arabic essays.</subfield>
</datafield>
<datafield tag="880" ind1="1" ind2=" ">
<subfield code="6">100-01/</subfield>
<subfield code="a">صروف، فؤاد،</subfield>
<subfield code="d">1900-1985.</subfield>
</datafield>
<datafield tag="880" ind1="1" ind2="0">
<subfield code="6">245-02/</subfield>
<subfield code="a">على الطريق :</subfield>
<subfield code="b">آراء ومعان لممتها عن طريق الحياة /</subfield>
<subfield code="c">فؤاد صروف.</subfield>
</datafield>
<datafield tag="880" ind1=" " ind2=" ">
<subfield code="6">260-03/</subfield>
<subfield code="a">[بيروت] :</subfield>
<subfield code="b">[مطبعة قلفاط]،</subfield>
<subfield code="c">1954.</subfield>
</datafield>
<datafield tag="OWN" ind1=" " ind2=" ">
<subfield code="a">GENERAL</subfield>
</datafield>
<datafield tag="AVA" ind1=" " ind2=" ">
<subfield code="a">NYU50</subfield>
<subfield code="b">BOBST</subfield>
<subfield code="c">Main Collection</subfield>
<subfield code="d">AC106 .S27 1954</subfield>
<subfield code="e">unavailable</subfield>
<subfield code="t">Unavailable</subfield>
<subfield code="f">1</subfield>
<subfield code="g">1</subfield>
<subfield code="h">N</subfield>
<subfield code="i">0</subfield>
<subfield code="j">MAIN</subfield>
<subfield code="k">0</subfield>
</datafield>
</record>
